% Encoding: UTF-8

@Book{Westphal2012,
  author    = {Westphal, Louis C.},
  title     = {Handbook of Control Systems Engineering},
  year      = {2012},
  date      = {2012-12-06},
  publisher = {Springer Us},
  url       = {https://www.ebook.de/de/product/25178612/louis_c_westphal_handbook_of_control_systems_engineering.html},
  ean       = {9781461515333},
}

@Comment{jabref-meta: databaseType:biblatex;}
